@article{lowe2004distinctive,
  title={Distinctive image features from scale-invariant keypoints},
  author={Lowe, David G},
  journal={International journal of computer vision},
  volume={60},
  number={2},
  pages={91--110},
  year={2004},
  publisher={Springer}
}
@inproceedings{csurka2004visual,
  title={Visual categorization with bags of keypoints},
  author={Csurka, Gabriella and Dance, Christopher and Fan, Lixin and Willamowski, Jutta and Bray, C{\'e}dric},
  booktitle={Workshop on statistical learning in computer vision, ECCV},
  volume={1},
  number={1-22},
  pages={1--2},
  year={2004},
  organization={Prague}
}

@inproceedings{tamrakar2012evaluation,
  title={Evaluation of low-level features and their combinations for complex event detection in open source videos},
  author={Tamrakar, Amir and Ali, Saad and Yu, Qian and Liu, Jingen and Javed, Omar and Divakaran, Ajay and Cheng, Hui and Sawhney, Harpreet},
  booktitle={Computer Vision and Pattern Recognition (CVPR), 2012 IEEE Conference on},
  pages={3681--3688},
  year={2012},
  organization={IEEE}
}